<?xml version="1.0" encoding="UTF-8"?><collection xmlns="http://www.loc.gov/MARC21/slim"><record><leader>00342nam--2200121-i-4500</leader><controlfield tag="001">000005658</controlfield><controlfield tag="002">20161230</controlfield><controlfield tag="005">20161230201026</controlfield><controlfield tag="008">060222s1000------------r-----000-0-eng-d</controlfield><datafield ind1=" " ind2=" " tag="100"><subfield code="a">Campbell, T.W., Sorenson, W.R</subfield></datafield><datafield ind1=" " ind2=" " tag="245"><subfield code="a">Preparative methods of polymer chemistry</subfield></datafield><datafield ind1=" " ind2=" " tag="260"><subfield code="a">New York, Interscience Publishers, Inc., 1961</subfield></datafield><datafield ind1=" " ind2=" " tag="490"><subfield code="a">Vii + 337 P</subfield></datafield></record></collection>